@inproceedings{BCDMNNRS16,
  author    = {Joppe W. Bos and
               Craig Costello and
               L{\'{e}}o Ducas and
               Ilya Mironov and
               Michael Naehrig and
               Valeria Nikolaenko and
               Ananth Raghunathan and
               Douglas Stebila},
  title     = {Frodo: Take off the ring! Practical, Quantum-Secure Key Exchange from
               {LWE}},
 booktitle = {CCS},
publisher = {ACM}, 
 year      = {2016},
}



@inproceedings{ADPS16,
  author    = {Erdem Alkim and
               L{\'{e}}o Ducas and
               Thomas P{\"{o}}ppelmann and
               Peter Schwabe},
  title     = {Post-quantum Key Exchange - {A} New Hope},
  booktitle = {25th {USENIX} Security Symposium, {USENIX} Security 16, Austin, TX,
               USA, August 10-12, 2016.},
  pages     = {327--343},
  year      = {2016},
  publisher = {{USENIX} Association},
  year      = {2016}
}



@inproceedings{BCNS15,
  author    = {Joppe W. Bos and
               Craig Costello and
               Michael Naehrig and
               Douglas Stebila},
  title     = {Post-Quantum Key Exchange for the {TLS} Protocol from the Ring Learning
               with Errors Problem},
  booktitle = {2015 {IEEE} Symposium on Security and Privacy, {SP} 2015, San Jose,
               CA, USA, May 17-21, 2015},
  pages     = {553--570},
  year      = {2015},
  publisher = {{IEEE} Computer Society}
}

@misc{Google,
 author = {{Google Security Blog}},
 title = {Experimenting with Post-Quantum Cryptography},
 year = {2016},
 month = {July},
 day = {17},
 url = {https://security.googleblog.com/2016/07/experimenting-with-post-quantum.html}
}



@inproceedings{ZZDSD15,
  author    = {Jiang Zhang and
               Zhenfeng Zhang and
               Jintai Ding and
               Michael Snook and
               {\"{O}}zg{\"{u}}r Dagdelen},
  title     = {Authenticated Key Exchange from Ideal Lattices},
  booktitle = {Advances in Cryptology - {EUROCRYPT} 2015 - 34th Annual International
               Conference on the Theory and Applications of Cryptographic Techniques,
               Sofia, Bulgaria, April 26-30, 2015, Proceedings, Part {II}},
  pages     = {719--751},
  year      = {2015},
  series    = {Lecture Notes in Computer Science},
  volume    = {9057},
  publisher = {Springer}
}



@inproceedings{FGSW16,
  author    = {Marc Fischlin and
               Felix G{\"{u}}nther and
               Benedikt Schmidt and
               Bogdan Warinschi},
  title     = {Key Confirmation in Key Exchange: {A} Formal Treatment and Implications
               for {TLS} 1.3},
  booktitle = {{IEEE} Symposium on Security and Privacy, {SP} 2016, San Jose, CA,
               USA, May 22-26, 2016},
  pages     = {452--469},
  year      = {2016},
  publisher = {{IEEE} Computer Society}
}




@inproceedings{P14,
  author    = {Chris Peikert},
  title     = {Lattice Cryptography for the Internet},
  booktitle = {Post-Quantum Cryptography - 6th International Workshop, PQCrypto 2014,
               Waterloo, ON, Canada, October 1-3, 2014. Proceedings},
  pages     = {197--219},
  year      = {2014},
  series    = {Lecture Notes in Computer Science},
  volume    = {8772},
  publisher = {Springer}
}




@inproceedings{BFWW11,
  author    = {Christina Brzuska and
               Marc Fischlin and
               Bogdan Warinschi and
               Stephen C. Williams},
  title     = {Composability of bellare-rogaway key exchange protocols},
  booktitle = {Proceedings of the 18th {ACM} Conference on Computer and Communications
               Security, {CCS} 2011, Chicago, Illinois, USA, October 17-21, 2011},
  pages     = {51--62},
  year      = {2011},
  publisher = {{ACM}}
}




@inproceedings{FGMP15,
  author    = {Marc Fischlin and
               Felix G{\"{u}}nther and
               Giorgia Azzurra Marson and
               Kenneth G. Paterson},
  title     = {Data Is a Stream: Security of Stream-Based Channels},
  booktitle = {Advances in Cryptology - {CRYPTO} 2015 - 35th Annual Cryptology Conference,
               Santa Barbara, CA, USA, August 16-20, 2015, Proceedings, Part {II}},
  pages     = {545--564},
  year      = {2015},
  series    = {Lecture Notes in Computer Science},
  volume    = {9216},
  publisher = {Springer}
}




@inproceedings{DFGS15,
  author    = {Benjamin Dowling and
               Marc Fischlin and
               Felix G{\"{u}}nther and
               Douglas Stebila},
  title     = {A Cryptographic Analysis of the {TLS} 1.3 Handshake Protocol Candidates},
  booktitle = {Proceedings of the 22nd {ACM} {SIGSAC} Conference on Computer and
               Communications Security, Denver, CO, USA, October 12-6, 2015},
  pages     = {1197--1210},
  year      = {2015},
  publisher = {{ACM}}
}




@inproceedings{BBF13,
  author    = {Paul Baecher and
               Christina Brzuska and
               Marc Fischlin},
  title     = {Notions of Black-Box Reductions, Revisited},
  booktitle = {Advances in Cryptology - {ASIACRYPT} 2013 - 19th International Conference
               on the Theory and Application of Cryptology and Information Security,
               Bengaluru, India, December 1-5, 2013, Proceedings, Part {I}},
  pages     = {296--315},
  year      = {2013},
  series    = {Lecture Notes in Computer Science},
  volume    = {8269},
  publisher = {Springer}
}



@inproceedings{F12,
  author    = {Marc Fischlin},
  title     = {Black-Box Reductions and Separations in Cryptography},
  booktitle = {Progress in Cryptology - {AFRICACRYPT} 2012 - 5th International Conference
               on Cryptology in Africa, Ifrance, Morocco, July 10-12, 2012. Proceedings},
  pages     = {413--422},
  year      = {2012},
  series    = {Lecture Notes in Computer Science},
  volume    = {7374},
  publisher = {Springer}
}



@inproceedings{FG14,
  author    = {Marc Fischlin and
               Felix G{\"{u}}nther},
  title     = {Multi-Stage Key Exchange and the Case of Google's {QUIC} Protocol},
  booktitle = {Proceedings of the 2014 {ACM} {SIGSAC} Conference on Computer and
               Communications Security, Scottsdale, AZ, USA, November 3-7, 2014},
  pages     = {1193--1204},
  year      = {2014},
  publisher = {{ACM}}
}


@article{BFSWW13,
  author    = {Christina Brzuska and
               Marc Fischlin and
               Nigel P. Smart and
               Bogdan Warinschi and
               Stephen C. Williams},
  title     = {Less is more: relaxed yet composable security notions for key exchange},
  journal   = {Int. J. Inf. Sec.},
  volume    = {12},
  number    = {4},
  pages     = {267--297},
  year      = {2013},
  url       = {http://dx.doi.org/10.1007/s10207-013-0192-y},
  doi       = {10.1007/s10207-013-0192-y},
  timestamp = {Mon, 22 Jul 2013 10:49:56 +0200},
  biburl    = {http://dblp.uni-trier.de/rec/bib/journals/ijisec/BrzuskaFSWW13},
  bibsource = {dblp computer science bibliography, http://dblp.org}
}

@misc{TLS12,
 author = {T. Dierks and Eric Rescorla},
 note = {\url{https://tools.ietf.org/html/rfc5246}},
 title={The Transport Layer Security (TLS) Protocol, Version 1.2},
 howpublished={RFC 5246},
year = {2008}
}

@misc{TLS13,
 author = {Eric Rescorla},
 note = {\url{https://tools.ietf.org/html/draft-ietf-tls-tls13-16}},
 title={The Transport Layer Security (TLS) Protocol Version 1.3, draft-ietf-tls-tls13-16},
 howpublished={RFC 5246},
year = {2016},
month = {September}
}



@inproceedings{BR93,
  author    = {Mihir Bellare and
               Phillip Rogaway},
  title     = {Entity Authentication and Key Distribution},
  booktitle = {Advances in Cryptology - {CRYPTO} '93, 13th Annual International Cryptology
               Conference, Santa Barbara, California, USA, August 22-26, 1993, Proceedings},
  pages     = {232--249},
  year      = {1993},
  series    = {Lecture Notes in Computer Science},
  volume    = {773},
  publisher = {Springer}
}




@inproceedings{JKSS12,
  author    = {Tibor Jager and
               Florian Kohlar and
               Sven Sch{\"{a}}ge and
               J{\"{o}}rg Schwenk},
  title     = {On the Security of {TLS-DHE} in the Standard Model},
  booktitle = {Advances in Cryptology - {CRYPTO} 2012 - 32nd Annual Cryptology Conference,
               Santa Barbara, CA, USA, August 19-23, 2012. Proceedings},
  pages     = {273--293},
  year      = {2012},
  volume    = {7417},
  publisher = {Springer}
}

